<record><leader>00000cas a22000007a 4500</leader><controlfield tag="001">11619170</controlfield><controlfield tag="008">850125d18621929wiuwr ne      0    0eng d</controlfield><datafield ind1=" " ind2=" " tag="010"><subfield code="a">sn 85033033 </subfield></datafield><datafield ind1=" " ind2=" " tag="040"><subfield code="a">NPU</subfield><subfield code="b">eng</subfield><subfield code="c">NPU</subfield><subfield code="d">NPV</subfield><subfield code="d">NPX</subfield><subfield code="d">MGN</subfield><subfield code="d">NVK</subfield><subfield code="d">OCL</subfield><subfield code="d">OCLCQ</subfield><subfield code="d">OCLCF</subfield><subfield code="d">OCLCO</subfield></datafield><datafield ind1=" " ind2=" " tag="042"><subfield code="a">msc</subfield></datafield><datafield ind1=" " ind2=" " tag="043"><subfield code="a">n-us-wi</subfield></datafield><datafield ind1=" " ind2=" " tag="045"><subfield code="a">w6x2</subfield></datafield><datafield ind1=" " ind2=" " tag="052"><subfield code="a">4123</subfield><subfield code="b">D5</subfield></datafield><datafield ind1="0" ind2="0" tag="245"><subfield code="a">Dodge County citizen.</subfield></datafield><datafield ind1=" " ind2=" " tag="260"><subfield code="a">Beaver Dam, Wis. :</subfield><subfield code="b">Shaw &amp; Hughes,</subfield><subfield code="c">1862-</subfield></datafield><datafield ind1=" " ind2=" " tag="300"><subfield code="a">v. :</subfield><subfield code="b">ill. ;</subfield><subfield code="c">61-65 cm.</subfield></datafield><datafield ind1=" " ind2=" " tag="310"><subfield code="a">Weekly</subfield></datafield><datafield ind1="0" ind2=" " tag="362"><subfield code="a">Vol. 6, no. 7, old ser. (Oct. 8, 1862)-</subfield></datafield><datafield ind1="1" ind2=" " tag="362"><subfield code="a">Ceased in 1929. Cf. Oehlerts, d. E. Guide to Wis. newspapers.</subfield></datafield><datafield ind1=" " ind2=" " tag="500"><subfield code="a">Publisher varies.</subfield></datafield><datafield ind1=" " ind2=" " tag="500"><subfield code="a">"Devoted to local interests, news, politics, literature and useful knowledge."</subfield></datafield><datafield ind1=" " ind2=" " tag="500"><subfield code="a">Editors: G.C. Shaw, T. Hughes, Oct. 8-23, 1862 -- H.A. Reid, T. Hughes, Oct. 30, 1862-Oct. 22, 1868 -- T. Hughes, Oct. 29, 1868-Oct. 7, 1869 -- T. Hughes. S.B. Allen, Oct. 14, 1869-Oct. 12, 1876 -- T. Hughes, Oct. 19, 1876-Aug. 26, 1908 -- E.E. Parker, Sept. 2-Dec. 30, 1908 -- F.W. Jillson, Jan. 6, 1909-Feb. 23, 1910.</subfield></datafield><datafield ind1=" " ind2=" " tag="515"><subfield code="a">Oct. 8, 1862 issue also numbered as v. 1, no. 1, new ser.</subfield></datafield><datafield ind1=" " ind2=" " tag="515"><subfield code="a">Continues numbering of: Dodge County citizen (1856).</subfield></datafield><datafield ind1=" " ind2="0" tag="651"><subfield code="a">Beaver Dam (Wis.)</subfield><subfield code="v">Newspapers.</subfield></datafield><datafield ind1=" " ind2="0" tag="651"><subfield code="a">Dodge County (Wis.)</subfield><subfield code="v">Newspapers.</subfield></datafield><datafield ind1=" " ind2="7" tag="655"><subfield code="a">Newspapers.</subfield><subfield code="2">fast</subfield><subfield code="0">(OCoLC)fst01423814</subfield></datafield><datafield ind1=" " ind2="7" tag="651"><subfield code="a">Wisconsin</subfield><subfield code="z">Beaver Dam.</subfield><subfield code="2">fast</subfield><subfield code="0">(OCoLC)fst01221036</subfield></datafield><datafield ind1=" " ind2="7" tag="651"><subfield code="a">Wisconsin</subfield><subfield code="z">Dodge County.</subfield><subfield code="2">fast</subfield><subfield code="0">(OCoLC)fst01211742</subfield></datafield><datafield ind1=" " ind2=" " tag="752"><subfield code="a">United States</subfield><subfield code="b">Wisconsin</subfield><subfield code="c">Dodge</subfield><subfield code="d">Beaver Dam.</subfield></datafield></record>